@article{Ancona1996,
author = {Ancona, M. and Dodero, G. and Gianuzzi, V. and Fierro, C. and Tine, V.},
file = {:C$\backslash$:/Users/Petra/Desktop/DOTAZ/nevim Mobile App/AnconaEtAl1996{\_}SupportInformativi.doc:doc},
keywords = {Mobile App},
title = {{Supporti informativi in tempo reale per scavi archeologici}},
year = {1996}
}
@article{Ancona1998,
author = {Ancona, M. and Dodero, G. and Gianuzzi, V. and Fierro, C. and Tine, V. and Traverso, A.},
file = {:C$\backslash$:/Users/Petra/Desktop/DOTAZ/nevim Mobile App/AnconaEtAl1998{\_}MobileComputingCAA97.doc:doc},
keywords = {Mobile App},
title = {{Mobile computing for real time support in archaeological excavations}},
year = {1998}
}
@article{Ancona2001,
author = {Ancona, M. and Dodero, G. and Gianuzzi, V. and Locati, S. and Romagnoli, A.},
file = {:C$\backslash$:/Users/Petra/Desktop/DOTAZ/nevim Mobile App/AnconaEtAl200X{\_}IntegratedSystem.pdf:pdf},
journal = {Proceedings of 1 st Software Engineering Workshop, JSCC, Punta Arenas, Nov},
keywords = {Mobile App,interfacing,man-machine interfacing,mobile computing,multi modal input},
title = {{An Integrated Environment for Scientific Data Entry and Management on mobile systems}},
year = {2001}
}
@article{Ancona2001a,
author = {Ancona, M. and Dodero, G. and Gianuzzi, V. and Traverso, A.},
file = {:C$\backslash$:/Users/Petra/Desktop/DOTAZ/nevim Mobile App/AnconaEtAl2001{\_}WifiFoArchaeology.doc:doc},
keywords = {Mobile App},
title = {{Wireless Technologies for Archaeology: Two Experiences}},
year = {2001}
}
@article{Ancona2000,
author = {Ancona, M. and Dodero, G. and Gianuzzi, V. and Traverso, A.},
file = {:C$\backslash$:/Users/Petra/Desktop/DOTAZ/nevim Mobile App/TraversoEtAl2000{\_}RamsesVAST.doc:doc},
keywords = {Mobile App},
title = {{The Ramses experience in archaeological research}},
year = {2000}
}
@article{Ancona1999,
author = {Ancona, M. and Dodero, G. and Mongiardino, M. and Traverso, A.},
file = {:C$\backslash$:/Users/Petra/Desktop/DOTAZ/nevim Mobile App/AnconaEtAl1999{\_}ArcheoToolsetCAA98.doc:doc},
keywords = {Mobile App},
title = {{Taking digital notes in the field: the Archeo toolset}},
year = {1999}
}
@article{Ballsun-Stanton,
author = {Ballsun-Stanton, Brian and Sobotkova, Adela and Ross, Shawn and Crook, Penny},
year = {2012},
file = {:C$\backslash$:/Users/Petra/Desktop/DOTAZ/nevim Mobile App/OpenSourceApplicationsinArchaeology.docx.doc:doc},
keywords = {Mobile App},
title = {{Open Source Applications in Archaeology}}
}
@book{Becker2008,
address = {Rahden},
author = {Becker, Cornelia and Kroll, Helmut},
file = {:C$\backslash$:/Users/Petra/Desktop/DOTAZ/Nemcina From Bogdan/Becker{\_}Kroll{\_}2008{\_}DasPraehistorischeOlynth.pdf:pdf},
keywords = {from Bogdan},
mendeley-tags = {from Bogdan},
publisher = {Verlag Marie Leidorf GmbH},
title = {{Das pr{\"{a}}historische Olynth: Ernarrung und Rohstoffutzung im Wandel}},
year = {2008}
}
@article{Bowlt,
author = {Bowlt, Colin},
file = {:C$\backslash$:/Users/Petra/Desktop/DOTAZ/Bowlt{\_}Schiffer{\_}FormationProcessesReview.pdf:pdf},
isbn = {9788578110796},
issn = {1098-6596},
keywords = {icle},
title = {{Schiffer: Formation Processe of the Archaeological Record - review}}
}
@article{Coppola2005,
author = {Coppola, Paolo and Mea, Vincenzo Della and Gaspero, Luca Di and Mizzaro, Stefano and Selva, Andrea and Vassena, Luca and Rizi{\`{o}}, Paolo Zandegiacomo},
file = {:C$\backslash$:/Users/Petra/Desktop/DOTAZ/nevim Mobile App/Coppola199X{\_}MoBe.pdf:pdf},
keywords = {Mobile App,conference presentation},
title = {{MoBe : A Framework for Context-Aware Mobile Applications The overall architecture of MoBe}},
year = {2005}
}
@book{Gellner1983,
address = {Ithaca},
author = {Gellner, Ernest},
file = {:C$\backslash$:/Users/Petra/Desktop/DOTAZ/The Nationalism Project{\_} Books by Author G-H.pdf:pdf},
publisher = {Cornell University Press},
title = {{Nations and Nationalism}},
url = {http://www.nationalismproject.org/books/a{\_}b.htm},
year = {1983}
}
@article{Grønli2010,
abstract = {In this paper we look at three mobile development environments: Windows Mobile, Java ME and Android. Through platform comparison, the different environments are examined closely and strengths and weaknesses are brought to life. In all three environments example applications are written to compare the environments in action on respective devices. Environment specific deployment files are created to illustrate amount of boilerplate code and overhead during deployment. Different key areas such as implementation aspects, performance aspects and quality assurance are compared to give an in depth overview of the status of the different platforms. Our results show that although the three environments are similar in some aspects they still represent three distinctive fields each with their respective characteristics. Through our code examples and platform comparison we come to the conclusion that the Windows Mobile and Android platform provides a better development environment, whereas Java ME still struggles with poor emulator support and incompatible implementations. The main features they have in common are also seen in trends directly visible in the programming languages such as unit testing, language features and end user distribution strategies. Big differences are highlighted when inspecting community environments, hardware abilities and platform maturity. This will have large influence on the choice of development platform for creating novel assistive environment applications.},
author = {Gr{\o}nli, Tor-Morten and Hansen, Jarle and Ghinea, Gheorghita},
doi = {10.1145/1839294.1839348},
file = {:C$\backslash$:/Users/Petra/Desktop/DOTAZ/nevim Mobile App/GronliEtAl2010{\_}AndroidvsWindowsMobile.pdf:pdf},
isbn = {978-1-4503-0071-1},
journal = {Petra},
keywords = {Mobile App,all part,android,environment,hard copies,java me,mobile development,permission make digital,programming languages,windows mobile,work},
title = {{Android vs Windows Mobile vs Java ME: A comparative Study of Mobile Development Environments}},
url = {http://portal.acm.org/citation.cfm?doid=1839294.1839348},
year = {2010}
}
@incollection{Handberg2012,
author = {Handberg, S{\o}ren},
file = {:C$\backslash$:/Users/Petra/Desktop/DOTAZ/nevim BSS/Handberg2012{\_}FindCatalogue.pdf:pdf},
keywords = {BSS},
mendeley-tags = {BSS},
title = {{Panskoe 2B Finds catalogue}},
year = {2012}
}
@incollection{Iliev2007,
author = {Iliev, Jordan},
booktitle = {Nauka, Obrazovanieto i vremeto kato grizha, Smolyan 30 Nov - 1 Dec 2007},
file = {:C$\backslash$:/Users/Petra/Desktop/DOTAZ/Rusky from Academia/Iliev2007{\_}EducationThrace-libre.pdf:pdf},
keywords = {Academia,Thrace,education,literacy},
pages = {122--128},
title = {{Obrazovanieto v drevna Trakia}},
year = {2007}
}
@book{Iliev2008,
address = {Sofia},
author = {Iliev, Jordan},
file = {:C$\backslash$:/Users/Petra/Desktop/DOTAZ/Rusky from Academia/Iliev2008{\_}CityInstitutions{\_}(2008)-libre.pdf:pdf},
keywords = {Academia,Thrace,diploma thesis,political organisation},
title = {{Gradskite institucii v Gorna i Dolna Mizia (1-3 v.)}},
year = {2008}
}
@article{Iliev2011,
address = {Veliko Tarnovo},
author = {Iliev, Jordan},
file = {:C$\backslash$:/Users/Petra/Desktop/DOTAZ/Rusky from Academia/Iliev2011{\_}EpigraphicInfo{\_}Institutions{\_}Roman.pdf:pdf},
journal = {Dni na naukata, Tom 1},
keywords = {Thrace,institutions,political organisation,politics},
pages = {41--56},
title = {{Epigraphic Information about the Institutions of the Roman Colonies in Moesia Superior and Moesia Inferior (1st – 3rd Centuries AD)}},
volume = {1},
year = {2011}
}
@book{Iliev2012,
address = {Sofia},
author = {Iliev, Jordan},
file = {:C$\backslash$:/Users/Petra/Desktop/DOTAZ/Rusky from Academia/Iliev2012{\_}HistoryRhodopi{\_}diss.pdf:pdf},
keywords = {Rhodopes,Thrace,dissertation},
title = {{Rodopite v istoriata na drevna Trakia}},
year = {2012}
}
@incollection{Iliev2009,
address = {Smolyan},
author = {Iliev, Jordan},
booktitle = {Rodopite i Covekat: Smolyan 30-31 oktomvri 2008},
file = {:C$\backslash$:/Users/Petra/Desktop/DOTAZ/Rusky from Academia/Ilieve2008{\_}RhodeopeInhabitants.pdf:pdf},
keywords = {Rhodopes,Thrace,inhabitants},
pages = {65--71},
title = {{Naselenieto na Rodopite prez antichnostta}},
year = {2009}
}
@book{Johnson2001,
author = {Johnson, Chris and Johnson, Peter and Rodden, Tom and Davies, Nigel and Goldstein, Mikael and Alsio, Gunilla and Brewster, Stephen and Petrie, Helen and Strothotte, Thomas and Pascoe, Jason and Ryan, Nick},
file = {:C$\backslash$:/Users/Petra/Desktop/DOTAZ/nevim Mobile App/Johnson1998{\_}FirstWorkshopOnHumanComputerInteractionWithMobileDevices.pdf:pdf},
keywords = {Mobile App},
pages = {1--109},
title = {{First Workshop on Human Computer Interaction with Mobile Devices}},
year = {2001}
}
@book{Nieling2010,
address = {Aarhus},
author = {Nieling, Jens and Rehm, Ellen},
file = {:C$\backslash$:/Users/Petra/Desktop/DOTAZ/nevim Mobile App/NielingRehm2010{\_}IntroPersiansInBS.pdf:pdf},
keywords = {BSS},
publisher = {Aarhus University Press},
title = {{Achaemenid Impact in the Black Sea Communication of Power}},
year = {2010}
}
@article{Nomad2011,
abstract = {Mobile Data Collection in Humanitarian Context (NOMAD): Analyses of existing mobile data collection against the requirement of organization working in the humanitarian context},
author = {Nomad, Consortium},
file = {:C$\backslash$:/Users/Petra/Desktop/DOTAZ/nevim Mobile App/NOMAD2011{\_}mobile-use-case-study.pdf:pdf},
keywords = {Mobile App},
pages = {10},
title = {{Mobile Data Collection in Humanitarian Context (NOMAD)}},
url = {http://humanitarian-nomad.org/?page{\_}id=533},
year = {2011}
}
@article{Wopershall,
author = {Wopershall, Brian and Willnow, Lindle},
file = {:C$\backslash$:/Users/Petra/Desktop/DOTAZ/nevim Mobile App/Wopershal200X{\_}GISandComplexDB.docx:docx},
keywords = {Mobile App},
title = {{Lessons Learned Developing a Complex Geodatabase While ArcInfo 8.x Evolved}}
}
@book{Yordanov2000,
address = {Veliko Tarnovo},
author = {Yordanov, Stephan},
file = {:C$\backslash$:/Users/Petra/Desktop/DOTAZ/Rusky from Academia/Iordanov2000{\_}ThracianWars.pdf:pdf},
keywords = {Academia,Thrace},
publisher = {Faber Publisher},
title = {{Trakiiskiyat Voin}},
year = {2000}
}
@incollection{Yordanov2001,
address = {Veliko Tarnovo},
author = {Yordanov, Stephan},
booktitle = {Палеобалканистика и старобългаристика. Втори есенни международни четения ”Професор Иван Гълъбов“},
file = {:C$\backslash$:/Users/Petra/Desktop/DOTAZ/Rusky from Academia/Iordanov2001{\_}TeresBasileus.pdf:pdf},
issn = {1098-6596},
keywords = {Academia,Thrace},
pages = {565--578},
pmid = {25246403},
title = {{"Teres, prav mogasht bazilevs na Odrisite..." (kam problema za formiraneto na odriskoto carstvo)}},
year = {2001}
}
@incollection{Yordanov2014,
author = {Yordanov, Stephan},
booktitle = {Staroplaninskiyat region i istoriata na Balgarskite zemi. 203 oktomvri 2014, Garbrovo},
file = {:C$\backslash$:/Users/Petra/Desktop/DOTAZ/Rusky from Academia/Iordanov2014{\_}Historia{\_}Conference{\_}Thrakia.pdf:pdf},
keywords = {Academi,Thrace},
title = {{Krepostite na Chemus, vastaniata ot 21 i 26 g. ot n. e. i Tkakiiskoto carstvo. Belezki varchu politicheskata istoria na drevaa Trakia ot perioda na rimskata ekspanzia na Balkanite}},
year = {2014}
}
@article{Yordanov,
author = {Yordanov, Stephan},
file = {:C$\backslash$:/Users/Petra/Desktop/DOTAZ/Rusky from Academia/IordanovXXXX{\_}Zalmoxis-libre.pdf:pdf},
keywords = {Academia,Thrace,Zalmoxis},
title = {{Zalmoksis, mitologichniyat katabazis i instityciayata na carya-zhrets i Getite}}
}
@incollection{Yordanov2002,
author = {Yordanov, Stephan},
booktitle = {Proceedings of the Eigth International Congress of Thracology. Thrace and the Aegean. Sofia – Yambol, 25 – 29 September 2000},
file = {:C$\backslash$:/Users/Petra/Desktop/DOTAZ/Rusky from Academia/Iordanov2000{\_}ProblemeOdryses.pdf:pdf},
keywords = {Academia,Thrace},
pages = {555--561},
title = {{Le royaume des Odryses au nord de l'H{\`{e}}mus – probl{\`{e}}mes de l'histoire politique et de la chronologie}},
volume = {II},
year = {2002}
}
